<record><leader>00000cas a22000007a 4500</leader><controlfield tag="001">12157489</controlfield><controlfield tag="008">850614d19741985ncudn ne      0   a0eng  </controlfield><datafield ind1=" " ind2=" " tag="010"><subfield code="a">sn 85042328 </subfield><subfield code="z">sn 84006226 </subfield></datafield><datafield ind1=" " ind2=" " tag="040"><subfield code="a">DLC</subfield><subfield code="b">eng</subfield><subfield code="c">DLC</subfield><subfield code="d">OCL</subfield><subfield code="d">NVJ</subfield><subfield code="d">OCLCQ</subfield><subfield code="d">OCLCO</subfield><subfield code="d">OCLCF</subfield></datafield><datafield ind1=" " ind2=" " tag="012"><subfield code="j">0</subfield><subfield code="m">1</subfield></datafield><datafield ind1=" " ind2=" " tag="019"><subfield code="a">10413359</subfield></datafield><datafield ind1="1" ind2=" " tag="022"><subfield code="a">0746-8849</subfield><subfield code="l">0746-8849</subfield><subfield code="2">1</subfield></datafield><datafield ind1="1" ind2=" " tag="029"><subfield code="a">AU@</subfield><subfield code="b">000020417151</subfield></datafield><datafield ind1=" " ind2=" " tag="032"><subfield code="a">645280</subfield><subfield code="b">USPS</subfield></datafield><datafield ind1=" " ind2=" " tag="037"><subfield code="b">Sentinel, P.O. Box 3159, Winston-Salem, NC 27102</subfield></datafield><datafield ind1=" " ind2=" " tag="042"><subfield code="a">msc</subfield><subfield code="a">nsdp</subfield></datafield><datafield ind1="0" ind2="0" tag="050"><subfield code="a">Newspaper</subfield></datafield><datafield ind1="0" ind2=" " tag="130"><subfield code="a">Sentinel (Winston-Salem, N.C)</subfield></datafield><datafield ind1=" " ind2="4" tag="222"><subfield code="a">The Sentinel</subfield><subfield code="b">(Winston-Salem, N.C.)</subfield></datafield><datafield ind1="0" ind2="4" tag="245"><subfield code="a">The sentinel.</subfield></datafield><datafield ind1=" " ind2=" " tag="260"><subfield code="a">Winston-Salem, N.C. :</subfield><subfield code="b">Piedmont Pub. Co.,</subfield></datafield><datafield ind1=" " ind2=" " tag="300"><subfield code="a">v. :</subfield><subfield code="b">ill. ;</subfield><subfield code="c">59 cm.</subfield></datafield><datafield ind1=" " ind2=" " tag="310"><subfield code="a">Daily (except Saturday and Sunday),</subfield><subfield code="b">Jan. 2, 1984-Mar. 29, 1985.</subfield></datafield><datafield ind1=" " ind2=" " tag="321"><subfield code="a">Daily (except Sunday),</subfield><subfield code="b">Sept. 30, 1974-Dec. 31, 1983</subfield></datafield><datafield ind1="0" ind2=" " tag="362"><subfield code="a">90th yr., no. 128 (Sept. 30, 1974)-90th yr., no. 289 (Apr. 5, 1975); no. 289 (Apr. 7, 1975)-no. 236 (Mar. 29, 1985).</subfield></datafield><datafield ind1=" " ind2=" " tag="500"><subfield code="a">Independent.</subfield></datafield><datafield ind1=" " ind2=" " tag="500"><subfield code="a">Published as the afternoon ed. of the Winston-Salem journal, 1974-1985.</subfield></datafield><datafield ind1=" " ind2=" " tag="500"><subfield code="a">Last issue, dated Mar. 29, 1985, also called final edition.</subfield></datafield><datafield ind1=" " ind2=" " tag="515"><subfield code="a">Issues for Sept. 30, 1974-Apr. 5, 1975 also called 119th yr.; Issues for Apr. 7, 1975-Mar. 29, 1985 carry issue numbers and dates only.</subfield></datafield><datafield ind1=" " ind2="0" tag="651"><subfield code="a">Winston-Salem (N.C.)</subfield><subfield code="v">Newspapers.</subfield></datafield><datafield ind1=" " ind2="0" tag="651"><subfield code="a">Forsyth County (N.C.)</subfield><subfield code="v">Newspapers.</subfield></datafield><datafield ind1=" " ind2="7" tag="655"><subfield code="a">Newspapers.</subfield><subfield code="2">fast</subfield><subfield code="0">(OCoLC)fst01423814</subfield></datafield><datafield ind1=" " ind2="7" tag="651"><subfield code="a">North Carolina</subfield><subfield code="z">Forsyth County.</subfield><subfield code="2">fast</subfield><subfield code="0">(OCoLC)fst01207435</subfield></datafield><datafield ind1=" " ind2="7" tag="651"><subfield code="a">North Carolina</subfield><subfield code="z">Winston-Salem.</subfield><subfield code="2">fast</subfield><subfield code="0">(OCoLC)fst01206125</subfield></datafield><datafield ind1=" " ind2=" " tag="752"><subfield code="a">United States</subfield><subfield code="b">North Carolina</subfield><subfield code="c">Forsyth</subfield><subfield code="d">Winston-Salem.</subfield></datafield><datafield ind1="0" ind2="0" tag="780"><subfield code="t">Twin City sentinel</subfield><subfield code="w">(DLC)sn 85042327</subfield></datafield></record>